@article{nasaSSPpaper,
	author = {David Balaban and John Cooper and Erik Komendera},
	title = {{Inverse Kinematics and Sensitivity Minimization of an n-Stack Stewart Platform}},
	year = {2018},
	url = {https://www.researchgate.net/publication/328939146_Inverse_Kinematics_and_Sensitivity_Minimization_of_an_n-Stack_Stewart_Platform}
}

@misc{parallelorigins,
	author = {Ilian Bonev},
	title = {{The True Origins of Parallel Robots}},
	year = {2003},
	url = {https://www.parallemic.org/Reviews/Review007.html}
}

@article{stewartpaper,
	author = {D. Stewart},
	title = {{A Platform with Six Degrees of Freedom}},
	year = {1965},
	journal = {Proceedings of the Institution of Mechanical Engineers},
	url = {https://blog.ioces.com/matt/posts/haptick-part-one/stewart-1965.pdf}
}

@article{cscpaper,
	author = {Jakob Frabosilio},
	title = {{Deep RL for Serial Stewart Platform Control}},
	year = {2024},
	month = {Mar},
	institution = {California Polytechnic State University, San Luis Obispo}
}

@misc{gymnasium,
	author = {Farama Foundation},
	title = {{Gymnasium}},
	year = {2024},
	url = {https://gymnasium.farama.org/index.html}
}

@misc{wokingham,
	author = {WokinghamU3A Math Group},
	title = {{The Mathematics of the Stewart Platform}},
	year = {2013},
	url = {https://web.archive.org/web/20130506134518/http://www.wokinghamu3a.org.uk/Maths%20of%20the%20Stewart%20Platform%20v5.pdf}
}

@misc{meme,
	author = {Radamés Ajna and Thiago Hersan},
	title = {{Stewart Platform Math}},
	year = {2020},
	url = {https://memememememememe.me/post/stewart-platform-math/}
}

@misc{nicdoc,
	author = {Nicolas Jeanmonod},
	title = {{Plateforme de Stewart pilotée avec un ESP32}},
	year = {2019},
	url = {https://ouilogique.com/plateforme-de-stewart-esp32/}
}

@misc{nichub,
	author = {Nicolas Jeanmonod},
	title = {{STEWART PLATFORM ON ESP32}},
	year = {2019},
	url = {https://github.com/NicHub/stewart-platform-esp32}
}

@misc{plapetg,
	author = {FormFutura},
	title = {{PLA vs PETG – Which filament is right for me?}},
	year = {2024},
	url = {https://formfutura.com/blog/material-guide-pla-vs-petg/}
}

@manual{pca9685datasheet,
	author = {NXP Semiconductors},
	title = {{PCA9685 16-channel, 12-bit PWM Fm+ I2C-bus LED controller}},
	year = {2015},
	url = {https://cdn-shop.adafruit.com/datasheets/PCA9685.pdf}
}

@misc{servos,
	author = {Ryan Winters},
	title = {{How Servo Motors Work}},
	year = {2024},
	url = {https://www.jameco.com/Jameco/workshop/Howitworks/how-servo-motors-work.html}
}

@misc{tiI2C,
	author = {Joseph Wu},
	title = {{A Basic Guide to I2C}},
	year = {2022},
	url = {https://www.ti.com/lit/an/sbaa565/sbaa565.pdf}
}

@ARTICLE{iusblukf,
	author={Luo, Jingxin and Ko, Hak-Lim},
	journal={IEEE Access}, 
	title={{UKF-Based Inverted Ultra-Short Baseline SLAM With Current Compensation}}, 
	year={2022},
	volume={10},
	number={},
	pages={67329-67337},
	keywords={Acoustics;Simultaneous localization and mapping;Sonar equipment;Location awareness;Acoustic measurements;Kalman filters;Synchronization;Acoustic localization;inverted ultra-short baseline;unscented Kalman filter;simultaneous localization and mapping;sea currents estimation},
	doi={10.1109/ACCESS.2022.3185752},
	url = {https://ieeexplore.ieee.org/document/9804706}
}

@article{surveyurpn,
	title = {{Survey of underwater robot positioning navigation}},
	journal = {Applied Ocean Research},
	volume = {90},
	pages = {101845},
	year = {2019},
	issn = {0141-1187},
	doi = {https://doi.org/10.1016/j.apor.2019.06.002},
	url = {https://www.sciencedirect.com/science/article/pii/S0141118718305546},
	author = {Yinghao Wu and Xuxiang Ta and Ruichao Xiao and Yaoguang Wei and Dong An and Daoliang Li},
	keywords = {Acoustics, GPS, Vision, Information fusion, SLAM and millirobot}
}

@ARTICLE{passiveiusbl,
	author={Wang, Yingqiang and Hu, Ruoyu and Huang, S. H. and Wang, Zhikun and Du, Peizhou and Yang, Wencheng and Chen, Ying},
	journal={IEEE Robotics and Automation Letters}, 
	title={{Passive Inverted Ultra-Short Baseline Positioning for a Disc-Shaped Autonomous Underwater Vehicle: Design and Field Experiments}}, 
	year={2022},
	volume={7},
	number={3},
	pages={6942-6949},
	keywords={Acoustics;Receivers;Timing;Navigation;Field programmable gate arrays;Array signal processing;Sonar equipment;Marine robotics;localization;autonomous vehicle navigation},
	doi={10.1109/LRA.2022.3178494},
	url = {https://ieeexplore.ieee.org/document/9783050}
}

@Article{noveliusbl,
	AUTHOR = {Liu, Shuai and Guo, Haoran and Qian, Zhiwen and Li, Jie and Wang, Xiaojian and Sun, Wanzhong and Zhang, Lihua and Zhang, Anmin},
	TITLE = {{A Study on a Novel Inverted Ultra-Short Baseline Positioning System and Phase Difference Estimation}},
	JOURNAL = {Journal of Marine Science and Engineering},
	VOLUME = {11},
	YEAR = {2023},
	NUMBER = {5},
	ARTICLE-NUMBER = {952},
	URL = {https://www.mdpi.com/2077-1312/11/5/952},
	ISSN = {2077-1312}
}

@article{singletrans,
	author = {Liu, Zubin and Yang, Tao and Xu, Wentao and Yu, Jianan and McFarland, Donald Michael and Lu, Huancai},
	title = {{Underwater acoustic positioning with a single beacon and a varied baseline for a multi-jointed AUV in the deep ocean}},
	journal = {IET Radar, Sonar, and Navigation},
	volume = {14},
	number = {5},
	pages = {669-676},
	keywords = {acoustic signal processing, autonomous underwater vehicles, position control, underwater sound, hydrophones, geophysical signal processing, marine navigation, correlation methods, single beacon, varied baseline, multijointed AUV, deep ocean, multijointed autonomous underwater vehicle, ultra-short-baseline, underwater acoustic positioning system, coordinate transformation, generalised cross-correlation, time delay measurement, sound signals, hydrophones, numerical simulations, anechoic water tank},
	doi = {https://doi.org/10.1049/iet-rsn.2019.0330},
	url = {https://ietresearch.onlinelibrary.wiley.com/doi/abs/10.1049/iet-rsn.2019.0330}
}

@article{tightekf,
	author = {Morgado, M. and Oliveira, P. and Silvestre, C.},
	title = {{Tightly coupled ultrashort baseline and inertial navigation system for underwater vehicles: An experimental validation}},
	journal = {Journal of Field Robotics},
	volume = {30},
	number = {1},
	pages = {142-170},
	doi = {https://doi.org/10.1002/rob.21442},
	url = {https://onlinelibrary.wiley.com/doi/abs/10.1002/rob.21442}
}

@article{activedamping,
	doi = {10.1088/1361-6463/abd582},
	url = {https://iopscience.iop.org/article/10.1088/1361-6463/abd582},
	year = {2021},
	month = {Jan},
	publisher = {IOP Publishing},
	volume = {54},
	number = {13},
	pages = {13LT01},
	author = {Steve Dixon and Lei Kang and Andrew Feeney and William E Somerset},
	title = {{Active damping of ultrasonic receiving sensors through engineered pressure waves}},
	journal = {Journal of Physics D: Applied Physics}
}

@inproceedings{practicaloverview,
	author = {Keith Vickery},
	title = {{ACOUSTIC POSITIONING SYSTEMS “A PRACTICAL OVERVIEW OF CURRENT SYSTEMS”}},
	url = {https://dynamic-positioning.com/proceedings/dp1998/SVickery.PDF},
	year = {1998},
	publisher = {Dynamic Positioning Conference}
}

@techreport{apomab,
	title = {{UNDERWATER ACOUSTIC POSITIONING SYSTEM}},
	url = {https://www.hydro-international.com/files/3fb82f3961d1f9890fc2a475cf56d9ed.pdf},
	institution = {Academy of Positioning Marine And Bathymetry},
	year = {2007}
}

@article{ilbl,
	title = {{Inverted long‑baseline acoustic navigation of deep‑towed CSEM transmitters and receivers}},
	author = {Kerry Key and Steven Constable},
	year = {2021},
	month = {Feb},
	doi = {https://doi.org/10.1007/s11001-021-09427-z},
	journal = {Mar Geophys Res},
	volume = {42},
	number = {6},
	url = {https://link.springer.com/article/10.1007/s11001-021-09427-z}
}

@inproceedings{gibs,
	author = {A. Alcocer and P. Oliveira and A. Pascoal},
	title = {{UNDERWATER ACOUSTIC POSITIONING SYSTEMS BASED ON BUOYS WITH GPS}},
	publisher = {Eighth European Conference on Underwater Acoustics, 8th ECUA},
	year = {2006},
	month = {Jun},
	url = {https://welcome.isr.tecnico.ulisboa.pt/wp-content/uploads/2015/05/1502_ECUA06_LEGAL.pdf}
}

@article{lowcostsbl,
	author = {S. M. Smith and D. Kronen},
	title = {{Experimental Results of an Inexpensive Short Baseline Acoustic Positioning System for AUV Navigation}},
	url = {https://ieeexplore.ieee.org/stamp/stamp.jsp?tp=&arnumber=634454},
	year = {1997}
}

@article{soundinair,
	author = {A. Vladišauskas and L. Jakevičius},
	title = {{Absorption of ultrasonic waves in air}},
	url = {https://citeseerx.ist.psu.edu/document?repid=rep1&type=pdf&doi=24d1880a621af42c5575e33511a9d3df59e3245d},
	year = {2004}
}

@manual{stmdatasheet,
	title = {{STM32H723/733, STM32H725/735 and STM32H730 Value line advanced Arm®-based 32-bit MCUs, Reference Manual}},
	author = {STMicroelectronics},
	url = {https://www.st.com/resource/en/reference_manual/rm0468-stm32h723733-stm32h725735-and-stm32h730-value-line-advanced-armbased-32bit-mcus-stmicroelectronics.pdf},
	year = {2021}
}

@misc{stm144,
	url = {https://www.st.com/en/evaluation-tools/nucleo-h723zg.html},
	author = {STMicroelectronics},
	title = {{STM32 Nucleo-144 development board with STM32H723ZG MCU, supports Arduino, ST Zio and morpho connectivity}},
	year = {2024}
}

@book{computational,
	author = {Finn Jensen and William Kuperman and Micheal Porter and Henrik Schmidt},
	title = {{Computational Ocean Acoustics}},
	year = {1994},
	publisher = {American Institute of Physics}
}

@book{dspguide,
	author = {Stephen Smith},
	title = {{The Scientist and Engineer's Guide to Digital Signal Processing}},
	publisher = {California Technical Publishing},
	year = {1997}
}

@misc{abpfws,
	author = {ElectronicsTutorials},
	title = {{Active Band Pass Filter}},
	url = {https://www.electronics-tutorials.ws/filter/filter_7.html},
	year = {2024}
}

@misc{e6e12,
	author = {Bourns},
	title = {{Standard Values Used in Capacitors, Inductors and Resistors}},
	url = {https://www.bourns.com/support/technical-articles/standard-values-used-in-capacitors-inductors-and-resistors},
	year = {2024}
}

@misc{400sr160,
	author = {Pro-Wave Electronics Corporation},
	title = {{Air Ultrasonic Ceramic Transducers 400ST/R160}},
	url = {https://www.mouser.com/datasheet/2/911/T400S16-1369697.pdf},
	year = {2024}
}

@article{cuvier,
	author = {Jennifer S. Trickey and Gustavo Cárdenas-Hinojosa and Lorenzo Rojas-Bracho and Gregory S. Schorr and Brenda K. Rone and Eva Hidalgo-Pla and Ally Rice and Simone Baumann-Pickering},
	title = {{Ultrasonic antifouling devices negatively impact Cuvier’s beaked whales near Guadalupe Island, México}},
	url = {https://www.nature.com/articles/s42003-022-03959-9},
	month = {Sep},
	year = {2022},
	doi = {https://doi.org/10.1038/s42003-022-03959-9},
	journal = {Communications Biology},
	number =  {1005},
	volume = {5}
}

@techreport{implications,
	author = {Darlene R. Ketten},
	title = {{MARINE MAMMAL AUDITORY SYSTEMS: A SUMMARY OF AUDIOMETRIC AND ANATOMICAL DATA AND ITS IMPLICATIONS FOR UNDERWATER ACOUSTIC IMPACTS}},
	institution = {National Oceanic and Atmospheric Administration},
	month = {Sep},
	year = {1998},
	url = {https://swfsc-publications.fisheries.noaa.gov/publications/TM/SWFSC/NOAA-TM-NMFS-SWFSC-256.PDF}
}

@article{assessing,
	author = {Anthony D. Hawkins and Arthur N. Popper},
	title = {{Asessing the Impact of Underwater Sounds on Fishes and Other Forms of Marine Life}},
	year = {2014},
	journal = {Acoustics Today},
	url = {https://acousticstoday.org/wp-content/uploads/2015/05/Assessing-the-Impact-of-Underwater-Sounds-on-Fishes-and-Other-Forms-of-Marine-Life-Anthony-D.-Hawkins-and-Arthur-N.-Popper.pdf}
}

@article{blacksea,
	author = {T. B. Sigacheva and T. V. Gavruseva and E. N. Skuratovskaya and M. P. Kirin and N. A. Moroz},
	title = {{Safety Assessment of the Ultrasound Equipment Effect on the State of Some Fish Species of the Black Sea}},
	year = {2024},
	journal = {Ecological Safety of Coastal and Shelf Zones of Sea},
	volume = {2},
	url = {http://ecological-safety.ru/en/repository/issues/2024/02/09/20240209.pdf}
}

@article{porpoise,
	title = {{Reactions of the Porpoise to Ultrasonic Frequencies}},
	author = {W. N. Kellogg and Robert Kohler},
	journal = {Science},
	volume = {116},
	doi = {https://doi.org/10.1126/science.116.3010.250},
	url = {https://www.jstor.org/stable/pdf/1680879.pdf},
	year = {1952},
	month = {Sep}
}

@article{hsi,
	author = {Humane Society International},
	title = {{Marine mammals and noise}},
	url = {https://www.hsi.org/news-resources/marine_mammals_noise/},
	year = {2024}
}

@misc{kfsimply,
	author = {William Franklin},
	title = {{Kalman Filter Explained Simply}},
	year = {2020},
	month = {Dec},
	url = {https://thekalmanfilter.com/kalman-filter-explained-simply/}
}

@techreport{madgwick,
	author = {Sebastian O.H. Madgwick},
	title = {{An efficient orientation filter for inertial and inertial/magnetic sensor arrays}},
	year = {2010},
	month = {Apr},
	url = {https://x-io.co.uk/downloads/madgwick_internal_report.pdf}
}

@misc{quaternionuse,
	author = {D. Rose},
	title = {{Rotation Quaternions, and How to Use Them}},
	year = {2015},
	month = {May},
	url = {https://danceswithcode.net/engineeringnotes/quaternions/quaternions.html}
}

@misc{boxmuller,
	title = {{How to generate Gaussian samples}},
	author = {Khanh Nguyen},
	url = {https://medium.com/mti-technology/how-to-generate-gaussian-samples-3951f2203ab0},
	month = {May},
	year = {2020}
}

@misc{rng,
	author = {Karl Sigman},
	title = {{Random Number Generators}},
	url = {https://www.columbia.edu/~ks20/4404-16-Fall/Simulation-LCG.pdf},
	institution = {Columbia University},
	year = {2020}
}

@misc{ultrann,
	author = {Jakob Frabosilio},
	title = {{Deciphering Ultrasonic Audio Transmissions using Neural Networks}},
	year = {2023},
	month = {Jun},
	institution = {California Polytechnic State University, San Luis Obispo}
}

@misc{wikicross,
	author = {Cmglee},
	title = {{Visual comparison of convolution, cross-correlation and autocorrelation}},
	url = {https://en.wikipedia.org/wiki/Cross-correlation#/media/File:Comparison_convolution_correlation.svg},
	institution = {wikipedia},
	year = {2016},
	month = {Nov}
}

@misc{arm,
	author = {Joachim Krech},
	title = {{CMSIS DSP Library}},
	institution = {ARM Software},
	year = {2015},
	url = {https://github.com/ARM-software/CMSIS_4/blob/master/CMSIS/Include/arm_math.h}
}

@misc{ucnlnav,
	author = {Aleksandr Dikarev and Daniel Hegner and Zuliukov Ivan},
	title = {{UCNLNav}},
	institution = {Underwater Communication and Navigation Laboratory},
	year = {2021},
	url = {https://github.com/ucnl/UCNLNav}
}

@misc{hjsstan,
	author = {Julia Roberts and Mykel Kochenderfer and Renee Trochet},
	institution = {Leland Stanford Junior University},
	year = {2014},
	title = {{Minimizing in 3D, Method 3: Hooke-Jeeves}},
	url = {https://web.stanford.edu/group/sisl/k12/optimization/MO-unit2-pdfs/2.11minimum3D2hooke-jeeves.pdf}
}

@article{hjsog,
	author = {Robert Hooke and T. A. Jeeves},
	institution = {Westinghouse Research Laboratories},
	title = {{Direct Search Solution of Numerical and Statistical Problems}},
	year = {1961},
	month = {Apr},
	doi = {https://doi.org/10.1145/321062.3210},
	journal = {Journal of the ACM},
	volume = {8},
	url = {https://dl.acm.org/doi/10.1145/321062.321069}
}

@article{hjsconv,
	author = {Virginia Torczon},
	title = {{Pattern Search Methods for Nonlinear Optimization}},
	year = {1995},
	journal = {SLAG/OPT Views-and-News},
	url = {https://www.cs.wm.edu/~va/articles/viewsNnews.pdf}
}

@misc{blueps,
	author = {Blue Robotics},
	title = {{Bar30 High-Resolution 300m Depth/Pressure Sensor}},
	url = {https://bluerobotics.com/store/sensors-cameras/sensors/bar30-sensor-r1/},
	year = {2024}
}

@misc{blackpill,
	author = {Thomas Gravekamp},
	title = {{WeAct Black Pill V2.0}},
	url = {https://stm32-base.org/boards/STM32F411CEU6-WeAct-Black-Pill-V2.0.html},
	year = {2024}
}

@article{mahony,
	author = {R. Mahony and Tarek AHamel and Jean-Michel Pflimlin},
	year = {2008},
	title = {{Nonlinear Complementary Filters on the Special Orthogonal Group}},
	journal = {IEEE Transactions on Automatic Control},
	url = {https://hal.science/hal-00488376/document},
	volume = {53}
}

@inproceedings{ekfmadmah,
	author = {Ludwig, Simone A. and Burnham, Kaleb D.},
	booktitle = {2018 International Conference on Unmanned Aircraft Systems (ICUAS)}, 
	title = {{Comparison of Euler Estimate using Extended Kalman Filter, Madgwick and Mahony on Quadcopter Flight Data}}, 
	year = {2018},
	pages = {1236-1241},
	doi = {10.1109/ICUAS.2018.8453465},
	url = {https://ieeexplore.ieee.org/document/8453465}
}

@misc{bno055,
	author = {Bosch Sensortec},
	title = {{Smart sensor: BNO055}},
	url = {https://www.bosch-sensortec.com/products/smart-sensor-systems/bno055/},
	year = {2024}
}

@misc{v2missile,
	author = {V2 Rocket History},
	title = {{How a gyroscope guides a rocket}},
	year = {2018},
	month = {Apr},
	url = {https://v2rockethistory.com/gyroscope-guides-rocket/}
}

@article{shipscompass,
	title = {{A History of the Ship’s Compass}},
	author = {Philip K. Allan}, 
	year = {2022},
	month = {Dec},
	url = {https://www.usni.org/magazines/naval-history-magazine/2022/december/history-ships-compass},
	institution = {U.S. Naval Institute},
	journal = {Naval History}
}

@misc{imuadvnav,
	author = {Advanced Navigation},
	title = {{Inertial Measurement Unit (IMU) – an introduction}},
	url = {https://www.advancednavigation.com/tech-articles/inertial-measurement-unit-imu-an-introduction/},
	year = {2024},
	month = {Jun}
}

@article{sfcomp,
	title = {{Comparison of Attitude and Heading Reference Systems using Foot Mounted MIMU Sensor Data: Basic, Madgwick and Mahony}},
	author = {Simone A. Ludwig and Kaleb D. Burnham and Antonio R. Jimenez and Pierre A. Touma},
	url = {http://www.cs.ndsu.nodak.edu/~siludwig/Publish/papers/SPIE20181.pdf},
	institution = {North Dakota State University},
	year = {2018}
}

@misc{lis3mdl,
	author = {STMicroelectronics},
	title = {{LIS3MDL Datasheet: Digital output magnetic sensor: ultralow-power, high-performance 3-axis magnetometer}},
	url = {https://www.st.com/resource/en/datasheet/lis3mdl.pdf},
	year = {2023}
}

@misc{lsm6dsox,
	author = {STMicroelectronics},
	title = {{LSM6DSOX Datasheet: 6-axis IMU (inertial measurement unit) with embedded AI: always-on 3-axis accelerometer and 3-axis gyroscope}},
	url = {https://www.st.com/resource/en/datasheet/lsm6dsox.pdf},
	year = {2024}
}

@misc{mpu6050,
	author = {InvenSense},
	url = {https://invensense.tdk.com/wp-content/uploads/2015/02/MPU-6000-Datasheet1.pdf},
	title = {{MPU-6000 and MPU-6050 Product Specification Revision 3.4}},
	year = {2013}
}

@misc{adafruit,
	author = {Adafruit},
	url = {https://www.adafruit.com/product/4517},
	year = {2024},
	title = {{Adafruit LSM6DSOX + LIS3MDL - Precision 9 DoF IMU - STEMMA QT / Qwiic}}
}

@misc{lis3mdl_st,
	author = {Armando Visconti and Albezanc},
	title = {{lis3mdl platform independent driver}},
	institution = {STMicroelectronics},
	year = {2024},
	url = {https://github.com/STMicroelectronics/STMems_Standard_C_drivers/tree/master/lis3mdl_STdC}
}

@misc{lsm6dsox_st,
	author = {Armando Visconti and Carlo Parata and Albezanc},
	title = {{lsm6dsox platform independent driver}},
	institution = {STMicroelectronics},
	year = {2024},
	url = {https://github.com/STMicroelectronics/STMems_Standard_C_drivers/tree/master/lsm6dsox_STdC}
}

@article{imucal,
	author={Tedaldi, David and Pretto, Alberto and Menegatti, Emanuele},
	booktitle={2014 IEEE International Conference on Robotics and Automation (ICRA)}, 
	title={{A robust and easy to implement method for IMU calibration without external equipments}}, 
	year={2014},
	pages={3042-3049},
	doi={10.1109/ICRA.2014.6907297},
	url = {https://ieeexplore.ieee.org/document/6907297}
}

@article{magcal,
	author = {Manon Kok and Thomas B. Schon},
	title = {{Magnetometer Calibration Using Inertial Sensors}},
	url = {https://www.diva-portal.org/smash/get/diva2:719169/FULLTEXT01.pdf},
	year = {2016},
	journal = {IEEE Sensors Journal},
	pages = {5679-5689}
}

@misc{xiotech,
	author = {x-io Technologies},
	year = {2012},
	url = {https://x-io.co.uk/open-source-imu-and-ahrs-algorithms/},
	title = {{Open source IMU and AHRS algorithms}},
	month = {Jul}
}

@misc{madgstep,
	author = {x-io Technologies},
	title = {{Gait Tracking With x-IMU, Script.m}},
	year = {2017},
	url = {https://github.com/xioTechnologies/Gait-Tracking-With-x-IMU/blob/master/Gait%20Tracking%20With%20x-IMU/Script.m}
}

@misc{britdeadreck,
	author = {Tom S. Logsdon and John Lawrance Howard},
	institution = {Britannica},
	year = {2024},
	title = {{Dead reckoning}},
	url = {https://www.britannica.com/technology/navigation-technology/Dead-reckoning}
}

@article{kalman,
	author = {Rudolf E. Kálmán},
	title = {{A New Approach to Linear Filtering and Prediction Problems}},
	year = {1960},
	journal = {ASME–Journal of Basic Engineering},
	volume = {82},
	url = {https://www.cs.unc.edu/~welch/kalman/media/pdf/Kalman1960.pdf}
}

@misc{kalmanapps,
	author = {Ashutosh Saxena},
	institution = {Cornell University},
	title = {{Kalman Filter Applications}},
	year = {2008},
	url = {https://www.cs.cornell.edu/courses/cs4758/2012sp/materials/MI63slides.pdf}
}

@article{kftuning,
	author = {Bernt M. Åkesson and John Bagterp Jørgensen and Niels Kjølstad Poulsen and Sten Bay Jørgensena},
	title = {{A Tool for Kalman Filter Tuning}},
	institution = {Technical University of Denmark},
	url = {https://www2.imm.dtu.dk/pubdb/edoc/imm5078.pdf},
	journal = {17th European Symposium on Computer Aided Process Engineering},
	year = {2007}
}

@misc{thesisgit,
	author = {Jakob Frabosilio},
	url = {https://github.com/jfrabosi/Inverted-Short-Baseline-Acoustic-Positioning-System},
	year = {2024},
	title = {{Inverted Short Baseline Acoustic Positioning System}}
}

@misc{airatten,
	author = {Dan Russell},
	url = {https://www.acs.psu.edu/drussell/Demos/Absorption/Absorption.html#:~:text=As%20sound%20waves%20travel%20through,in%20the%20gas%20(air).},
	title = {{Absorption and Attenuation of Sound in Air}},
	year = {2016},
	month = {Mar}	
}

@misc{cpsdrone,
	author = {Filip Buława and Piotr Domanowski},
	url = {https://www.cpsdrone.com/},
	title = {{Custom Printed Submarine Drone}},
	year = {2024}
}

@misc{bluerov,
	author = {BlueRobotics},
	url = {https://bluerobotics.com/store/rov/bluerov2/},
	title = {{BlueROV2}},
	year = {2024}
}

@misc{faagps,
	author = {Federal Aviation Administration},
	title = {{Satellite Navigation - GPS - How It Works}},
	url = {https://www.faa.gov/about/office_org/headquarters_offices/ato/service_units/techops/navservices/gnss/gps/howitworks},
	year = {2024}
}

@article{muons,
	author = {Hiroyuki K. M. Tanaka},
	year = {2023},
	month = {Sep},
	title = {{Muometric positioning system (muPS) utilizing direction vectors of cosmic-ray muons for wireless indoor navigation at a centimeter-level accuracy}},
	journal = {Scientific Reports},
	volume = {13},
	url = {https://www.nature.com/articles/s41598-023-41910-y},
	doi = {10.1038/s41598-023-41910-y}
}

@misc{osfair,
	author = {Oregon State University},
	title = {{Copyright and Fair Use}},
	year = {2024},
	url = {https://guides.library.oregonstate.edu/copyright/fairuse}
}

@misc{fairuse,
	author = {U.S. Copyright Office},
	title = {{U.S. Copyright Office Fair Use Index}},
	year = {2023},
	month = {Nov},
	url = {https://www.copyright.gov/fair-use/}
}